@book{problemchild,
	title = {LSD: My Problem Child},
	author = {Albert Hofmann},
	publisher = {McGraw Hill},
	year = {1980}
}

@book{ergotandergotism,
	title = {Ergot and ergotism: a monograph based on the Dohme lectures delivered in Johns Hopkins University},
	author = {George Barger},
	publisher = {Gurney and Jackson},
	year = {1931},
	address = {Londres}
}

@book{art,
	title = {Psychedelic art},
	author = {Robert E.L Masters and Jean Houston},
	publisher = {Grove Press},
	year = {1968},
	address = {EEUU}
}

@book{principles,
	title = {Principles of Neural Science},
	author = {Eric R. Kandel and John D. Koester and Sarah H. Mack and Steven A. Siegelbaum},
	publisher = {McGraw Hill},
	year = 2021,
	month = apr,
	edition = {6}
}

@book{aprendiendo,
	title = {Aprendiendo de las drogas: usos y abusos, prejuicios y desafíos},
	author = {Antonio Escohotado},
	publisher = {Anagrama},
	year = {2006},
	month = apr
}

@book{golgi,
	title = {Golgi: A Biography of the Founder of Modern Neuroscience},
	author = {Paolo Mazzarello},
	publisher = {Oxford University Press},
	year = {2009}
}

@book{pihkal,
	title = {Pihkal: Una historia química de amor},
	author = {Alexander Shulgin y Ann Shulgin},
	publisher = {Manuscritos},
	year = {2015}
}

@book{meth,
	title = {Secrets of Methamphetamine Manufacture},
	author = {Steve Preisler (aka Uncle Fester)},
	publisher = {Festering Publications},
	address = {Green Bay, Wisconsin},
	year = {2009},
	edition = {8}
}

@book{socialhistory,
	title = {Acid Dreams: The Complete Social History of LSD},
	author = {Martin A. Lee},
	publisher = {Grove Press},
	year = {1994}
}

@book{mckenna,
	title = {Psylocibin: Magic Mushroom Grower's Guide},
	author = {Terrence McKenna and Dennis McKenna (aka O.T. Oss and O. N. Oeric)},
	publisher = {Lux Natura},
	year = {1986},
	edition = {Revised}
}

@book{dentistry,
	title = {A History of Dentistry},
	author = {Dr. Vicenzo Guerini},
	publisher = {National Dental Association of the USA},
	year = {1909}
}

@book{hipocrates,
	title = {Tratados Hipocráticos},
	publisher = {Gredos},
	year = {2016}
}

@book{timleary,
	title = {The Psychedelic Experience: A Manual Based on The Tibetan Book of the Dead},
	author = {Timothy Leary and Ralph Metzner and Richard Alpert},
	publisher = {McGraw Hill},
	year = {1964}
}

@article{golgirevista,
	title = {Le funzioni del cervello},
	author = {Dr. Silvio Tonnini},
	journal = {Rivista sperimentale di freniatria e medicina legale delle alienazioni mentali},
	volume = {17},
	pages = {386--387},
	year = {1891}
}


@ARTICLE{aspirin,
  title    = "Tolerance to aspirin in aspirin-sensitive asthmatics. Methods of
              inducing the tolerance state and its influence on the course of
              asthma and rhinosinusitis",
  author   = "Szmidt, M and Grzelewska-Rzymowska, I and Rozniecki, J",
  journal  = "J. Investig. Allergol. Clin. Immunol.",
  volume   =  3,
  number   =  3,
  pages    = "156--159",
  month    =  may,
  year     =  1993,
  language = "en"
}

@ARTICLE{ratelectric,
  title     = "Positive reinforcement produced by electrical stimulation of
               septal area and other regions of rat brain",
  author    = "Olds, J and Milner, P",
  journal   = "J. Comp. Physiol. Psychol.",
  publisher = "American Psychological Association (APA)",
  volume    =  47,
  number    =  6,
  pages     = "419--427",
  month     =  dec,
  year      =  1954,
  keywords  = "BRAIN/physiology; CEREBRAL VENTRICLES/physiology; LEARNING",
  language  = "en"
}

@ARTICLE{dopamine-unexpected,
  title     = "A neural substrate of prediction and reward",
  author    = "Schultz, W and Dayan, P and Montague, P R",
  journal   = "Science",
  publisher = "American Association for the Advancement of Science (AAAS)",
  volume    =  275,
  number    =  5306,
  pages     = "1593--1599",
  month     =  mar,
  year      =  1997,
  language  = "en"
}

@ARTICLE{suicide,
  title     = "Suicidal cut-throat wound during {LSD} intoxication",
  author    = "Bose, Palash Kumar and Ray, Debika and Biswas, Prodip and
               Arafat, S M Yasir",
  journal   = "Clin. Case Rep.",
  publisher = "Wiley",
  volume    =  9,
  number    =  11,
  pages     = "e05100",
  month     =  nov,
  year      =  2021,
  keywords  = "Bangladesh; cut-throat; drug abuse; lysergic acid diethylamide;
               suicide",
  copyright = "http://creativecommons.org/licenses/by-nc-nd/4.0/",
  language  = "en"
}

@ARTICLE{pharmacology,
  title     = "The pharmacology of lysergic acid diethylamide: a review",
  author    = "Passie, Torsten and Halpern, John H and Stichtenoth, Dirk O and
               Emrich, Hinderk M and Hintzen, Annelie",
  journal   = "CNS Neurosci. Ther.",
  publisher = "Wiley",
  volume    =  14,
  number    =  4,
  pages     = "295--314",
  year      =  2008,
  language  = "en"
}

@ARTICLE{ergot,
  title     = "Ergot and its alkaloids",
  author    = "Schiff, Paul L",
  journal   = "Am. J. Pharm. Educ.",
  publisher = "Elsevier BV",
  volume    =  70,
  number    =  5,
  pages     = "98",
  month     =  oct,
  year      =  2006,
  language  = "en"
}

@ARTICLE{env-enrichment,
  title     = "Environmental enrichment protects against the acquisition of
               cocaine self-administration in adult male rats, but does not
               eliminate avoidance of a drug-associated saccharin cue",
  author    = "Puhl, Matthew D and Blum, Joshua S and Acosta-Torres, Stefany
               and Grigson, Patricia S",
  journal   = "Behav. Pharmacol.",
  publisher = "Ovid Technologies (Wolters Kluwer Health)",
  volume    =  23,
  number    =  1,
  pages     = "43--53",
  month     =  feb,
  year      =  2012,
  language  = "en"
}

@ARTICLE{egodeath,
  title    = "Self unbound: ego dissolution in psychedelic experience",
  author   = "Letheby, Chris and Gerrans, Philip",
  journal  = "Neurosci. Conscious.",
  volume   =  2017,
  number   =  1,
  pages    = "nix016",
  month    =  jun,
  year     =  2017,
  keywords = "LSD; binding and multisensory integration; hallucinogen;
              psilocybin; psychedelic; self",
  language = "en"
}

@ARTICLE{serotonin-systems,
  title = {Serotonin Systems},
  ISBN = {9780470101001},
  url = "\url{http://dx.doi.org/10.1002/9780470101001.hcn008}",
  howpublished = "\url{http://dx.doi.org/10.1002/9780470101001.hcn008}",
  DOI = {10.1002/9780470101001.hcn008},
  journal = {Handbook of Contemporary Neuropharmacology},
  publisher = {Wiley},
  author = {Gray,  John A. and Roth,  Bryan L.},
  year = {2007},
  month = mar 
}

@article{serotonin-bio,
  title    = "The expanded biology of serotonin",
  author   = "Berger, Miles and Gray, John A and Roth, Bryan L",
  journal  = "Annu. Rev. Med.",
  volume   =  60,
  pages    = "355--366",
  year     =  2009,
  language = "en"
}

@article{lsd-overview,
	title = "Lysergic Acid Diethylamide (LSD)",
	author = "Hwang KAJ and Saadabadi A.",
	year = 2024,
	publisher = "StatPearls Publishing",
	howpublished = "\url{https://www.ncbi.nlm.nih.gov/books/NBK482407/}",
	url = "\url{https://www.ncbi.nlm.nih.gov/books/NBK482407/}",
}

@article{ed50,
	title = "ED50",
	author = "Kenny BJ and Preuss CV and McPhee AS",
	year = 2023,
	publisher = "StatPearls Publishing",
	howpublished = "\url{https://www.ncbi.nlm.nih.gov/books/NBK538269/}",
	url = "\url{https://www.ncbi.nlm.nih.gov/books/NBK538269/}",
}
%

@ARTICLE{lsd-modern,
  title     = "Modern clinical research on {LSD}",
  author    = "Liechti, Matthias E",
  journal   = "Neuropsychopharmacology",
  publisher = "Springer Science and Business Media LLC",
  volume    =  42,
  number    =  11,
  pages     = "2114--2127",
  month     =  oct,
  year      =  2017,
  language  = "en"
}

@ARTICLE{serotonin-circuits,
  title     = "Brain serotonergic circuitries",
  author    = "Charnay, Yves and L{\'e}ger, Lucienne",
  journal   = "Dialogues Clin. Neurosci.",
  publisher = "Informa UK Limited",
  volume    =  12,
  number    =  4,
  pages     = "471--487",
  year      =  2010,
  copyright = "http://creativecommons.org/licenses/by-nc-nd/3.0/",
  language  = "en"
}

@ARTICLE{sensory-gating,
  title     = "Cognitive mechanisms associated with auditory sensory gating",
  author    = "Jones, L A and Hills, P J and Dick, K M and Jones, S P and
               Bright, P",
  journal   = "Brain Cogn.",
  publisher = "Elsevier BV",
  volume    =  102,
  pages     = "33--45",
  month     =  feb,
  year      =  2016,
  keywords  = "Electroencephalogram; Event-related potential (ERP) P50;
               Inhibition; Sensory gating",
  copyright = "http://creativecommons.org/licenses/by/4.0/",
  language  = "en"
}

@article{wilson,
	title = "Wilson Disease",
	author = "Chaudhry HS and Anilkumar AC",
	year = 2024,
	publisher = "StatPearls Publishing",
	howpublished = "\url{https://www.ncbi.nlm.nih.gov/books/NBK441990/}",
	url = "\url{https://www.ncbi.nlm.nih.gov/books/NBK441990/}",
}

@misc{setting,
  title = {Set and setting},
  howpublished = "\url{https://psychonautwiki.org/w/index.php?title=Set_and_setting&oldid=153087}",
  url = "\url{https://psychonautwiki.org/w/index.php?title=Set_and_setting&oldid=153087}",
  year = 2022,
  month = aug,
  note = {Accessed: 2024-01-29 18:42}
}

@article{placebo,
  title = {Psychedelics,  placebo effects,  and set and setting: Insights from common factors theory of psychotherapy},
  volume = {59},
  ISSN = {1461-7471},
  howpublished = "\url{http://dx.doi.org/10.1177/1363461520983684}",
  url = "\url{http://dx.doi.org/10.1177/1363461520983684}",
  DOI = {10.1177/1363461520983684},
  number = {5},
  journal = {Transcultural Psychiatry},
  publisher = {SAGE Publications},
  author = {Gukasyan,  Natalie and Nayak,  Sandeep M.},
  year = {2021},
  month = jan,
  pages = {652--664}
}

% Fin

@misc{huxley,
	title = "Huxley's LSD Death Trip.",
}

howpublished = "\url{https://youtu.be/5BzvC2t_LeI}",
url = "\url{https://youtu.be/5BzvC2t_LeI}"

@misc{energycontrol,
	title = "LSD",
	author = "Energy Control",
	howpublished = "\url{https://energycontrol.org/sustancias/lsd/}",
	url = "\url{https://energycontrol.org/sustancias/lsd/}"
}

@misc{usa-intelligence,
	title = "LSD Fast Facts",
	publisher = "National Drug Intelligence Center",
	howpublished = "\url{https://www.justice.gov/archive/ndic/pubs4/4260/index.htm}",
	url = "\url{https://www.justice.gov/archive/ndic/pubs4/4260/index.htm}",
}

@misc{usa-dea,
	title = "LSD Fact Sheet",
	publisher = "United States Drug Enforcement Administration",
	howpublished = "\url{https://www.dea.gov/factsheets/lsd}",
	url = "\url{https://www.dea.gov/factsheets/lsd}",
}

@misc{usa-dea-meth,
	title = "Methamphetamine Fact Sheet",
	publisher = "United States Drug Enforcement Administration",
	howpublished = "\url{https://www.dea.gov/factsheets/methamphetamine}",
	url = "\url{https://www.dea.gov/factsheets/methamphetamine}",
}

@MISC{magical-thought,
	title = "Magical Thinking",
	author = "Brian Vandenberg",
	publisher = "Encyclopedia Britannica",
	year = 2019,
	month = oct,
	howpublished = "\url{https://www.britannica.com/science/magical-thinking}",
	url = "\url{https://www.britannica.com/science/magical-thinking}",
	note         = "Accessed: 2023-12-23"
}

@misc{nl,
	title = "Why are coffee shops allowed to sell soft drugs in the Netherlands?",
	publisher = "Government of the Netherlands",
	howpublished = "\url{https://www.government.nl/topics/drugs/why-are-coffee-shops-allowed-to-sell-soft-drugs-in-the-netherlands}",
	url = "\url{https://www.government.nl/topics/drugs/why-are-coffee-shops-allowed-to-sell-soft-drugs-in-the-netherlands}"
}

8281347
13233369
9054347
34815882
19040555
17149427
22157144
30042848
19630576
28447622
21319493
26716891

